@incollection{dijkstra2022note,
	title = {A note on two problems in connexion with graphs},
	author = {Dijkstra, Edsger W},
	booktitle = {Edsger Wybe Dijkstra: his life, work, and legacy},
	pages = {287--290},
	year = {2022},
}

@article{maeda2009optical,
	title = {Optical fibres, cables and systems. ITU-T Manual},
	author = {Maeda, Yoichi and Montalti, F},
	journal = {International Telecommunication Union, Geneva},
	year = {2009},
}

@book{griva2008linear,
	title = {Linear and nonlinear optimization 2nd edition},
	author = {Griva, Igor and Nash, Stephen G and Sofer, Ariela},
	year = {2008},
	publisher = {SIAM},
}

@article{artigorwa,
	title = {Routing and wavelength assignment in optical networks},
	author = {Ozdaglar, Asuman E and Bertsekas, Dimitri P},
	journal = {IEEE/ACM transactions on networking},
	volume = {11},
	number = {2},
	pages = {259--272},
	year = {2003},
	publisher = {IEEE},
}

@book{livroprofessor,
	title = {Optical networks: a practical perspective},
	author = {Ramaswami, Rajiv and Sivarajan, Kumar and Sasaki, Galen},
	year = {2009},
	publisher = {Morgan Kaufmann},
}

@article{zang2000review,
	title = {A review of routing and wavelength assignment approaches for
	         wavelength-routed optical WDM networks},
	author = {Zang, Hui and Jue, Jason P and Mukherjee, Biswanath and others
	          },
	journal = {Optical networks magazine},
	volume = {1},
	number = {1},
	pages = {47--60},
	year = {2000},
}
